<record xmlns="http://www.loc.gov/MARC21/slim" xmlns:xsi="http://www.w3.org/2001/XMLSchema-instance" xsi:schemaLocation="http://www.loc.gov/MARC21/slim http://www.loc.gov/standards/marcxml/schema/MARC21slim.xsd">

  <leader>00743nam a2200217Ia 4500</leader>
  <datafield tag="999" ind1=" " ind2=" ">
    <subfield code="c">570</subfield>
    <subfield code="d">570</subfield>
  </datafield>
  <controlfield tag="008">170214b2011    cr ||||| |||| 00| | spa d</controlfield>
  <datafield tag="020" ind1=" " ind2=" ">
    <subfield code="a">9789968412027</subfield>
  </datafield>
  <datafield ind1=" " tag="090" ind2=" ">
    <subfield code="a">04.02.03 </subfield>
    <subfield code="b">1769</subfield>
  </datafield>
  <datafield ind2=" " tag="100" ind1="1">
    <subfield code="a"> Miranda, Martha </subfield>
    <subfield code="9">2450</subfield>
  </datafield>
  <datafield ind1="1" tag="245" ind2="0">
    <subfield code="a">Ideología de género: perspectivas filosófica-antropológica, social y jurídica / </subfield>
    <subfield code="c">Martha Miranda y Dolores López (Eds.)</subfield>
  </datafield>
  <datafield ind2=" " ind1=" " tag="260">
    <subfield code="a">San José, Costa Rica : </subfield>
    <subfield code="b">PROMESA, </subfield>
    <subfield code="c">2011?</subfield>
  </datafield>
  <datafield ind1=" " tag="300" ind2=" ">
    <subfield code="a">410 páginas</subfield>
  </datafield>
  <datafield ind2=" " tag="490" ind1=" ">
    <subfield code="a">Antropología no. 15 </subfield>
  </datafield>
  <datafield ind2=" " ind1=" " tag="500">
    <subfield code="a">Tomo I y II</subfield>
  </datafield>
  <datafield ind2="4" tag="650" ind1="1">
    <subfield code="9">956</subfield>
    <subfield code="a">IGUALDAD DE GÉNERO </subfield>
  </datafield>
  <datafield ind2="4" tag="650" ind1="1">
    <subfield code="a">EQUIDAD DE GÉNERO</subfield>
    <subfield code="9">420</subfield>
  </datafield>
  <datafield ind2="4" tag="650" ind1="1">
    <subfield code="a"> IGUALDAD DE OPORTUNIDADES</subfield>
    <subfield code="9">952</subfield>
  </datafield>
  <datafield ind1="1" tag="650" ind2="4">
    <subfield code="a">DERECHOS DE LA MUJER</subfield>
    <subfield code="9">84</subfield>
  </datafield>
  <datafield ind2=" " ind1="1" tag="700">
    <subfield code="a">López, Dolores</subfield>
    <subfield code="e">editor/a</subfield>
    <subfield code="9">2451</subfield>
  </datafield>
  <datafield tag="942" ind1=" " ind2=" ">
    <subfield code="2">z</subfield>
    <subfield code="c">01</subfield>
  </datafield>
</record>